@book{fomenko00,
  author = "А. С. Мищенко and А. Т. Фоменко",
  title = "Курс дифференциальной геометрии и топологии",
  publisher = "Факториал Пресс",
  year = 2000,
  language = "russian",
  numpages = 448,
  address = "М."                  
}

@book{prasolov04,
  author = "В. В. Прасолов",
  title = "Геометрия Лобачевского",
  publisher = "МЦНМО",
  year = 2004,
  numpages = 88,
  address = "М.",
  language = "russian"
}

@book{norden56,
  editor = "А. П. Норден",                  
  title = "Об основаниях геометрии",
  year = 1956,
  address = "М.",
  language = "russian",
  numpages = 525,
  publisher = "Государственное издательство технико-теоретической литературы"
}           

@book{pogorelov74,
  author = "А. В. Погорелов",
  title = "Дифференциальная геометрия",
  publisher = "Наука",
  year =  "1974",
  pages = 176,                  
  address =   "М.",
  language = "russian"
}

@book{rashevsky50,
  author = "П. К. Рашевский",
  title = "Курс дифференциальной геометрии",
  publisher = "Государственное издательство технико-теоретической литературы",
  year = 1950,
  pages = 428,                  
  language = "russian"
}
                  
@article{milnor82,
  author = "John Milnor",
  title =  "Hyperbolic geometry: the first 150 years",
  journal = "Bulletin (New Series) of the American Mathematical Society",
  year = 1982,
  volume = 6,
  number = 1,
  month = "January",
}